% This is jfm2esam.bib v1.0 08/14/02
%
@inproceedings{ang1993estimation,
  title={On the estimation of the large deflection of a cantilever beam},
  author={Ang, Marcel0 H and Wei, Wang and Teck-Seng, Low},
  booktitle={Proceedings of IECON'93-19th Annual Conference of IEEE Industrial Electronics},
  pages={1604--1609},
  year={1993},
  organization={IEEE}
}
@article{chen2010integral,
  title={An integral approach for large deflection cantilever beams},
  author={Chen, Li},
  journal={International Journal of Non-Linear Mechanics},
  volume={45},
  number={3},
  pages={301--305},
  year={2010},
  publisher={Elsevier}
}

%% End of file `jfm2esam.bib'.
